@inproceedings{danielsson-beating,
  author    = {Nils Anders Danielsson},
  editor    = {Ana Bove and
               Ekaterina Komendantskaya and
               Milad Niqui},
  title     = {Beating the Productivity Checker Using Embedded Languages},
  booktitle = {Proceedings Workshop on Partiality and Recursion in Interactive Theorem
               Provers, {PAR} 2010, Edinburgh, UK, 15th July 2010},
  series    = {{EPTCS}},
  volume    = {43},
  pages     = {29--48},
  year      = {2010},
  url       = {https://doi.org/10.4204/EPTCS.43.3},
  doi       = {10.4204/EPTCS.43.3},
  timestamp = {Thu, 14 Oct 2021 09:14:41 +0200},
  biburl    = {https://dblp.org/rec/journals/corr/abs-1012-4898.bib},
  bibsource = {dblp computer science bibliography, https://dblp.org}
}

@article{vezzosi-cubical,
  author    = {Andrea Vezzosi and
               Anders M{\"{o}}rtberg and
               Andreas Abel},
  title     = {Cubical Agda: {A} dependently typed programming language with univalence
               and higher inductive types},
  journal   = {J. Funct. Program.},
  volume    = {31},
  pages     = {e8},
  year      = {2021},
  url       = {https://doi.org/10.1017/S0956796821000034},
  doi       = {10.1017/S0956796821000034},
  timestamp = {Sun, 16 May 2021 00:13:31 +0200},
  biburl    = {https://dblp.org/rec/journals/jfp/VezzosiMA21.bib},
  bibsource = {dblp computer science bibliography, https://dblp.org}
}

@software{agda-stdlib,
  author   = {{The Agda Community}},
  sortname = {{Agda Community}},
  title    = {{Agda Standard Library}},
  url      = {https://github.com/agda/agda-stdlib},
  version  = {2.2},
  year     = {2025}
}

@software{agda-cubical,
  author   = {{The Agda Community}},
  sortname = {{Agda Community}},
  title    = {{Cubical Agda Library}},
  url      = {https://github.com/agda/cubical},
  version  = {0.8},
  year     = {2025}
}

@article{escardo-infinite,
  author    = {Mart{\'{\i}}n Escard{\'{o}}},
  title     = {Infinite sets that satisfy the principle of omniscience in any variety
               of constructive mathematics},
  journal   = {J. Symb. Log.},
  volume    = {78},
  number    = {3},
  pages     = {764--784},
  year      = {2013},
  url       = {https://doi.org/10.2178/jsl.7803040},
  doi       = {10.2178/JSL.7803040},
  timestamp = {Tue, 01 Apr 2025 19:02:26 +0200},
  biburl    = {https://dblp.org/rec/journals/jsyml/Escardo13.bib},
  bibsource = {dblp computer science bibliography, https://dblp.org}
}

@online{favier-conat,
  author       = {Na√Øm Camille Favier},
  howpublished = {GitHub},
  title        = {{CoNat.agda}},
  year         = {2023},
  url          = {https://github.com/ncfavier/graded-type-theory/blob/d778c49ffe69602d803fbd0c34bac4b08ee355d5/Graded/Modality/Instances/CoNat.agda},
  urldate      = {2025-06-23}
}

@inproceedings{abel-copatterns,
  author       = {Andreas Abel and
                  Brigitte Pientka and
                  David Thibodeau and
                  Anton Setzer},
  editor       = {Roberto Giacobazzi and
                  Radhia Cousot},
  title        = {Copatterns: programming infinite structures by observations},
  booktitle    = {The 40th Annual {ACM} {SIGPLAN-SIGACT} Symposium on Principles of
                  Programming Languages, {POPL} '13, Rome, Italy - January 23 - 25,
                  2013},
  pages        = {27--38},
  publisher    = {{ACM}},
  year         = {2013},
  url          = {https://doi.org/10.1145/2429069.2429075},
  doi          = {10.1145/2429069.2429075},
  timestamp    = {Thu, 24 Jun 2021 16:19:31 +0200},
  biburl       = {https://dblp.org/rec/conf/popl/AbelPTS13.bib},
  bibsource    = {dblp computer science bibliography, https://dblp.org}
}

@inproceedings{hughes-sized,
  author       = {John Hughes and
                  Lars Pareto and
                  Amr Sabry},
  editor       = {Hans{-}Juergen Boehm and
                  Guy L. Steele Jr.},
  title        = {Proving the Correctness of Reactive Systems Using Sized Types},
  booktitle    = {Conference Record of POPL'96: The 23rd {ACM} {SIGPLAN-SIGACT} Symposium
                  on Principles of Programming Languages, Papers Presented at the Symposium,
                  St. Petersburg Beach, Florida, USA, January 21-24, 1996},
  pages        = {410--423},
  publisher    = {{ACM} Press},
  year         = {1996},
  url          = {https://doi.org/10.1145/237721.240882},
  doi          = {10.1145/237721.240882},
  timestamp    = {Wed, 16 Mar 2022 22:31:09 +0100},
  biburl       = {https://dblp.org/rec/conf/popl/HughesPS96.bib},
  bibsource    = {dblp computer science bibliography, https://dblp.org}
}
